@TechReport{lastPfePoster,
author = {M. Latourte et M. Sabatelli},
title = {PFE\_EJP_LatourteSabatelli\_Poster},
institution = {ESEO},
year = {2013},
OPTkey = {},
OPTtype = {•},
OPTnumber = {•},
OPTaddress = {•},
OPTmonth = {},
OPTnote = {•},
OPTannote = {•}
}
@Article{IEEE_830,
author = {},
title = {},
journal = {"IEEE Recommended Practice for Software Requirements Specifications },
year = {1998},
OPTkey = {STD},
OPTvolume = {•},
OPTnumber = {•},
OPTpages = {•},
month = "{IEEE} Standard 830-1998",
OPTnote = {•},
OPTannote = {•}
}
